@misc{OpenFlowSpec,
  title = {OpenFlow Switch Specification, Version 1.5.1},
  author = {{Open Networking Foundation}},
  month = {26 March},
  year = 2015,
  howpublished = {\url{https://www.opennetworking.org/wp-content/uploads/2014/10/openflow-switch-v1.5.1.pdf}},
}

@misc{infiniband,
  key = {InfiniBand},
  title = {Microsoft Azure Virtual Machines},
  howpublished = {\url{https://docs.microsoft.com/en-us/azure/virtual-machines/sizes-hpc}},
}


@misc{pica8,
  key = {Pica8},
  title = {Pica8 Switch},
  howpublished = {\url{https://www.pica8.com/product}},
}

@misc{att,
  key = {ATT Embraces SDN},
  title = {From Next-Gen to Now: SDN, White Box and Open Source Go Mainstream},
  howpublished = {\url{https://about.att.com/innovationblog/2019/09/sdn_white_box_and_open_source_go_mainstream.html}},
}


@misc{market,
  key = {NFV Market Forcast},
  title = {Network Function Virtualization (NFV) Market Global Forcast to 2024},
  howpublished = {\url{https://www.marketsandmarkets.com/Market-Reports/network-function-virtualization-market-93929190.html}},
}

@misc{azure,
  key = {Microsoft NFV},
  title = {Microsoft Azure Network Function Virtualization},
  howpublished = {\url{https://docs.microsoft.com/en-us/windows-server/networking/sdn/technologies/network-function-virtualization/network-function-virtualization}},
}

@misc{aws,
  key = {Amazon AWS NFV},
  title = {Amazon AWS Network Function Virtualization},
  howpublished = {\url{https://docs.aws.amazon.com/whitepapers/latest/ec2-networking-for-telecom/mapping-aws-services-to-the-nfv-framework.html}},
}

@misc{cisco,
  key = {Cisco NFVI},
  title = {Cisco Network Function Virtualization Infrastructure},
  howpublished = {\url{https://www.cisco.com/c/en/us/solutions/service-provider/network-functions-virtualization-nfv-infrastructure/index.html}},
}

@misc{vmware,
  key = {VMware vCloud NFV},
  title = {VMware vCloud Network Function Virtualization},
  howpublished = {\url{https://www.vmware.com/content/dam/digitalmarketing/vmware/en/pdf/solutions/vmware-vcloud-nfv-datasheet.pdf}},
}


@misc{P4Runtime,
  key = {P4},
  title = {P4 Runtime},
  howpublished = {\url{https://github.com/p4lang/PI/}},
}

@misc{snort,
  key = {Snort},
  title = {Snort},
  howpublished = {\url{https://www.snort.org/}},
}

@misc{tofino,
  key = {Tofino},
  title = {Barefoot Networks' Tofino},
  howpublished = {\url{https://www.intel.com/content/www/us/en/products/network-io/programmable-ethernet-switch/tofino-2-series/tofino-2.html}},
}

@misc{Mininet,
  key = {Mininet},
  title = {Mininet},
  howpublished = {\url{http://mininet.org/}},
}

@misc{ISP,
  key = {Topology Zoo},
  title = {Topology Zoo},
  howpublished = {\url{http://www.topology-zoo.org/}},
}

@misc{protoBuf,
  key = {Protobuf},
  title = {{Protocol Buffers}},
  howpublished = {\url{https://developers.google.com/protocol-buffers/}},
}

@misc{grpc,
  key = {grpc},
  title = {{gRPC}},
  howpublished = {\url{https://grpc.io/}},
}

@misc{gurobi,
  key = {Gurobi},
  title = {Gurobi Solver},
  howpublished = {\url{http://www.gurobi.com/}},
}

@misc{CPLEX,
  key = {CPLEX},
  title = {IBM CPLEX Optimizer},
  howpublished = {\url{https://www.ibm.com/analytics/cplex-optimizer/}},
}

@misc{ovs,
  key = {OVS},
  title = {Open vSwitch},
  howpublished = {\url{http://openvswitch.org/}},
}

@misc{Scapy,
  key = {Scapy},
  title = {Scapy},
  howpublished = {\url{http://www.secdev.org/projects/scapy/}},
}


@misc{hping,
  key = {hping},
  title = {hping},
  howpublished = {\url{http://www.hping.org/}},
}


@misc{ryu,
  key = {Ryu},
  title = {Ryu Controller},
  howpublished = {\url{https://osrg.github.io/ryu/}},
}

@misc{bmv2,
  key = {bmv2},
  title = {Behavioral Model},
  howpublished = {\url{https://github.com/p4lang/behavioral-model/}},
}

@misc{buffer,
  key = {buffer},
  title = {Switch Buffer Size},
  howpublished = {\url{https://people.ucsc.edu/~warner/buffer.html}},
}

@misc{prads,
   key = {PRADS},
   title = {Passive Real-time Asset Detection System},
   howpublished = {\url{https://github.com/gamelinux/prads/}},
}

@misc{nfv,
   key = {NFV},
   title = {ETSI Network Function Virtualization},
   howpublished = {\url{https://www.etsi.org/technologies/nfv/}},
}


@misc{HAProxy,
   key = {HAProxy},
   title = {The Reliable, High Performance TCP/HTTP Load Balancer},
   howpublished = {\url{http://www.haproxy.org/}},
}

@misc{z3py,
  key = {z3py},
  title = {Z3py},
  howpublished = {\url{https://github.com/ericpony/z3py-tutorial/}},
}

@inproceedings{scl,
 author = {A. Panda and W. Zheng and X. Hu and A. Krishnamurthy and S. Shenker},
 title = {{SCL}: Simplifying Distributed {SDN} Control Planes},
 booktitle = {14\textsuperscript{th} USENIX Conference on Networked Systems Design and Implementation},
 year = {2017},
 month = apr,
}

@inproceedings{Ravana,
 author = {N. Katta and H. Zhang and M. Freedman and J. Rexford},
 title = {Ravana: Controller Fault-tolerance in Software-defined Networking},
 booktitle = {1\textsuperscript{st} ACM Symposium on Software Defined Networking Research},
 year = {2015},
 month = jun,
}

@inproceedings{Onix,
 author = {T. Koponen and M. Casado and N. Gude and J. Stribling and L. Poutievski and M. Zhu and R. Ramanathan and Y. Iwata and H. Inoue and T. Hama and S. Shenker},
 title = {Onix: A Distributed Control Platform for Large-scale Production Networks},
 booktitle = {9\textsuperscript{th} USENIX Conference on Operating Systems Design and Implementation},
 year = {2010},
 month = oct,
}

@inproceedings{ONOS,
 author = {P. Berde and M. Gerola and J. Hart and Y. Higuchi and M. Kobayashi and T. Koide and B. Lantz and B. Connor and P. Radoslavov and W. Snow and G. Parulkar},
 title = {{ONOS}: Towards an Open, Distributed {SDN} {OS}},
 booktitle = {3\textsuperscript{rd} Workshop on Hot Topics in Software Defined Networking},
 year = {2014},
 month = aug,
}

@inproceedings{cSAMP,
 author = {V. Sekar and M. Reiter and W. Willinger and H. Zhang and R. Kompella and D. Andersen},
 title = {{CSAMP}: A System for Network-wide Flow Monitoring},
 booktitle = {5\textsuperscript{th} USENIX Symposium on Networked Systems Design and Implementation},
 year = {2008},
 month = apr,
}

@inproceedings{CSOD,
 author = {V. Sekar and A. Gupta and M. Reiter and H. Zhang},
 title = {Coordinated Sampling sans Origin-Destination Identifiers: Algorithms and Analysis},
 booktitle = {2\textsuperscript{nd} International Conference on Communication Systems and Networks},
 year = {2010},
 month = jan,
}

@inproceedings{split,
 author = {S. Rajagopalan and D. Williams and H. Jamjoom and A. Warfield},
 title = {{Split/Merge}: System Support for Elastic Execution in Virtual Middleboxes},
 booktitle = {10\textsuperscript{th} USENIX Conference on Networked Systems Design and Implementation},
 year = {2013},
 month = apr,
}

@inproceedings{hula,
author = {N. Katta and M. Hira and C. Kim and A. Sivaraman and J. Rexford},
title = {{HULA}: Scalable Load Balancing Using Programmable Data Planes},
booktitle = {Proceedings of the Symposium on SDN Research},
year = {2016},
}

@inproceedings{netcache,
author = {X. Jin and X. Li and H. Zhang and R. Soul\'{e} and J. Lee and N. Foster and C. Kim and I. Stoica},
title = {{NetCache}: Balancing Key-Value Stores with Fast In-Network Caching},
booktitle = {Proceedings of the 26th Symposium on Operating Systems Principles},
year = {2017},
}

@inproceedings {contra,
author = {K. Hsu and R. Beckett and A. Chen and J. Rexford and D. Walker},
title = {Contra: A Programmable System for Performance-aware Routing },
booktitle = {17th {USENIX} Symposium on Networked Systems Design and Implementation ({NSDI} 20)},
year = {2020},
month = feb,
}

@inproceedings{Bohatei,
 author = {S. Fayaz and Y. Tobioka and V. Sekar and M. Bailey},
 title = {Bohatei: Flexible and Elastic DDoS Defense},
 booktitle = {24\textsuperscript{th} USENIX Security Symposium},
 year = {2015},
 month = aug,
}

@inproceedings{fibbing,
 author = {S. Vissicchio and O. Tilmans and L. Vanbever and J. Rexford},
 title = {Central Control Over Distributed Routing},
 booktitle = {ACM SIGCOMM},
 year = {2015},
 month = aug,
}

@inproceedings{espresso,
 author = {K. Yap and M. Motiwala and J. Rahe and S. Padgett and M. Holliman and G. Baldus and M. Hines and T. Kim and A. Narayanan and A. Jain and V. Lin and C. Rice and B. Rogan and A. Singh and B. Tanaka and M. Verma and P. Sood and M. Tariq and M. Tierney and D. Trumic and V. Valancius and C. Ying and M. Kallahalla and B. Koley and A. Vahdat},
 title = {Taking the Edge off with {E}spresso: Scale, Reliability and Programmability for Global Internet Peering},
 booktitle = {Proceedings of the Conference of the ACM Special Interest Group on Data Communication},
 year = {2017},
 month = aug,
}

@inproceedings{fresco,
    author = {S. Shin and P. Porras and V. Yegneswaran and M. Fong and G. Gu and M.Tyson},
    title = {{FRESCO}: Modular Composable Security Services for Software-Defined Networks},
    booktitle={20\textsuperscript{th} Annual Network \& Distributed System Security Symposium},
    year = {2015},
    month = feb,
}

@article{sdnsurvey,
  title={Software-defined networking: A comprehensive survey},
  author={D. Kreutz and F. Ramos and P. Verissimo and C. Rothenberg and S. Azodolmolky and S. Uhlig},
  booktitle={Proceedings of the IEEE},
  volume={103},
  number={1},
  pages={14--76},
  year={2014},
}

@inproceedings{stateless,
 author = {M. Kablan and A. Alsudais and E. Keller and F. Le},
 title = {Stateless Network Functions: Breaking the Tight Coupling of State and Processing},
 booktitle = {14\textsuperscript{th} USENIX Conference on Networked Systems Design and Implementation},
 year = {2017},
 month = apr,
}

@inproceedings {elastic,
 author = {W. Shinae and S. Justine and H. Sangjin and M. Sue and R. Sylvia and S. Scott},
 title = {Elastic Scaling of Stateful Network Functions},
 booktitle = {15\textsuperscript{th} {USENIX} Symposium on Networked Systems Design and Implementation ({NSDI} 18)},
 year = {2018},
 month = apr,
}



@article{lastwin,
 author = {R. Thomas},
 title = {A Majority Consensus Approach to Concurrency Control for Multiple Copy Databases},
 journal = {ACM Trans. Database Syst.},
 volume = {4},
 number = {2},
 month = jun,
 year = {1979},
 pages = {180--209},
}



@inproceedings{Z3Solver,
 author = {L. Moura and N. Bj{\o}rner},
 title = {{Z3}: An Efficient {SMT} Solver},
 booktitle = {Theory and Practice of Software, 14th International Conference on Tools and Algorithms for the Construction and Analysis of Systems (TACAS/ETAPS)},
 year = {2008},
 month = mar,
 pages = {337--340},
}



@inproceedings{switchSimulator,
  author = {D. Huang and K. Yocum and A. Snoeren},
  title = {High-{F}idelity Switch Models for {S}oftware-defined Network Emulation},
  booktitle = {ACM SIGCOMM Workshop on Hot Topics in Software Defined Networking},
  year = {2013},
  month = aug,
  page = {43--48},
}


@inproceedings{timedcu,
 author = {T. Mizrahi and E. Saat and Y. Moses},
 title = {Timed Consistent Network Updates},
 booktitle = {1st ACM Symposium on Software Defined Networking Research},
 year = {2015},
}

@inproceedings{incrementalcu,
 author = {N. Katta and J. Rexford and D. Walker},
 title = {Incremental Consistent Updates},
 booktitle = {2nd ACM Workshop on Hot Topics in Software Defined Networking},
 year = {2013},
}

@inproceedings{dionysus,
 author = {X. Jin and H. Liu and R. Gandhi and S. Kandula and R. Mahajan and M. Zhang and J. Rexford and R. Wattenhofer},
 title = {Dynamic Scheduling of Network Updates},
 booktitle = {ACM SIGCOMM},
 year = {2014},
 month = aug,
 pages = {539--550},
}


@inproceedings{DecentralizedCU,
  author = {T. Nguyen and M. Chiesa and M. Canini},
  title = {Decentralized Consistent Updates in {SDN}},
  booktitle = {Symposium on SDN Research (SOSR)},
  year = {2017},
  month = nov,
  page = {21--33},
}

@inproceedings{espres,
  title={ESPRES: Transparent {SDN} Update Scheduling},
  author={P. Pere{\'\i}ni and M. Kuzniar and M. Canini and D. Kosti{\'c}},
  booktitle={ACM HotSDN},
  year = {2014},
}


@inproceedings{tango,
  title={Tango: Simplifying {SDN} Control with Automatic Switch Property Inference, Abstraction, and Optimization},
  author={A. Lazaris and D. Tahara and X. Huang and E. Li and A. Voellmy and Y. R. Yang and M. Yu},
  booktitle={10\textsuperscript{th} ACM Conference on Emerging Networking Experiments and Technologies},
  year={2014},
}


@article{Stratos,
  title = {Stratos: {A} Network-Aware Orchestration Layer for Middleboxes in the Cloud},
  author = {A. Gember and A. Krishnamurthy and S. John and R. Grandl and X. Gao and A. Anand and T. Benson and A. Akella and V. Sekar},
  journal   = {CoRR},
  year = {2013},
  volume    = {abs/1305.0209},
}

@inproceedings{COCONUT,
  author = {S. Ghorbani and P. Godfrey},
  title = {{COCONUT}: Seamless Scale-out of Network Elements},
  booktitle = {12\textsuperscript{th} ACM European Conference on Computer Systems},
  year = {2017},
  month = apr,
  page = {32--47},
}



@conference{CU,
  author = {M. Reitblatt and N. Foster and J. Rexford and C. Schlesinger and D. Walker},
  title = {Abstractions for Network Update},
  booktitle = {ACM SIGCOMM},
  year = {2012},
  month = aug,
  page = {323--334},
}

@inproceedings{ccg,
 author = {W. Zhou and D. Jin and J. Croft and M. Caesar and P. B. Godfrey},
 title = {Enforcing Customizable Consistency Properties in Software-defined Networks},
 booktitle = {12\textsuperscript{th} USENIX Conference on Networked Systems Design and Implementation},
 year = {2015},
 pages = {73--85},
}

@inproceedings{netplumber,
author = {P. Kazemian and M. Chang and H. Zeng and G. Varghese and N. McKeown and S. Whyte},
title = {Real Time Network Policy Checking Using Header Space Analysis},
year = {2013},
publisher = {USENIX Association},
booktitle = {Proceedings of the 10th USENIX Conference on Networked Systems Design and Implementation},
pages = {99--112},
series = {nsdi'13},
}


@INPROCEEDINGS{mcopenflow,
  author={S. Son and S. Shin and V. Yegneswaran and P. Porras and G. Gu},
  booktitle={2013 IEEE International Conference on Communications (ICC)}, 
  title={Model checking invariant security properties in OpenFlow}, 
  year={2013},
  pages={1974--1979},}

@inproceedings{mclnp,
author = {M. Musuvathi and D. Engler},
title = {Model Checking Large Network Protocol Implementations},
year = {2004},
booktitle = {Proceedings of the 1st Conference on Symposium on Networked Systems Design and Implementation - Volume 1},
pages = {12},
series = {NSDI'04}
}

@inproceedings{flowchecker,
author = {Al-Shaer, Ehab and Al-Haj, Saeed},
title = {{FlowChecker}: Configuration Analysis and Verification of Federated Openflow Infrastructures},
year = {2010},
booktitle = {Proceedings of the 3rd ACM Workshop on Assurable and Usable Security Configuration},
pages = {37--44},
series = {SafeConfig '10}
}

@inproceedings{hsa,
author = {P. Kazemian and G. Varghese and N. McKeown},
title = {Header Space Analysis: Static Checking for Networks},
year = {2012},
booktitle = {Proceedings of the 9th USENIX Conference on Networked Systems Design and Implementation},
pages = {9},
series = {NSDI'12}
}

@inproceedings{sdnracer,
author = {J. Miserez and P. Bielik and A. El-Hassany and L. Vanbever and M. Vechev},
title = {{SDNRacer}: Detecting Concurrency Violations in Software-Defined Networks},
year = {2015},
booktitle = {Proceedings of the 1st ACM SIGCOMM Symposium on Software Defined Networking Research},
pages = {1--7},
series = {SOSR'15}
}


@inproceedings{veriflow,
author = {A. Khurshid and W. Zhou and M. Caesar and B. Godfrey},
title = {{VeriFlow}: Verifying Network-Wide Invariants in Real Time},
year = {2012},
pages = {49--54},
series = {HotSDN'12}
}

@article{symbolic,
author = {J. King},
title = {Symbolic Execution and Program Testing},
year = {1976},
publisher = {Association for Computing Machinery},
address = {New York, NY, USA},
volume = {19},
number = {7},
issn = {0001--0782},
journal = {Commun. ACM},
month = jul,
pages = {385--394},
}

@inproceedings {nice,
author = {C. Marco and V. Daniele and P. Peter and K. Dejan and R. Jennifer},
title = {A {NICE} Way to Test OpenFlow Applications},
booktitle = {9th {USENIX} Symposium on Networked Systems Design and Implementation ({NSDI} 12)},
year = {2012},
month = apr,
}

@article{atpg,
author = {H. Zeng and P. Kazemian and G. Varghese and N. McKeown},
title = {Automatic Test Packet Generation},
year = {2014},
publisher = {IEEE Press},
volume = {22},
number = {2},
issn = {1063--6692},
journal = {IEEE/ACM Trans. Netw.},
month = apr,
pages = {554--566},
}

@inproceedings{PISCES,
author = {M. Shahbaz and S. Choi and B. Pfaff and C. Kim and N. Feamster and N. McKeown and J. Rexford},
title = {{PISCES}: A Programmable, Protocol-Independent Software Switch},
year = {2016},
booktitle = {Proceedings of the 2016 ACM SIGCOMM Conference},
pages = {525--538},
series = {SIGCOMM '16}
}

@inproceedings{p4fpga,
author = {H. Wang and R. Soul\'{e} and H. Dang and K. Lee and V. Shrivastav and N. Foster and H. Weatherspoon},
title = {{P4FPGA}: A Rapid Prototyping Framework for P4},
year = {2017},
booktitle = {Proceedings of the Symposium on SDN Research},
pages = {122--135},
series = {SOSR '17}
}



@inproceedings{ocusdn,
 author = {R. Mahajan and R. Wattenhofer},
 title = {On Consistent Updates in Software Defined Networks},
 booktitle = {12\textsuperscript{th} ACM Workshop on Hot Topics in Networks},
 year = {2013},
 pages = {1--7},
}

@inproceedings{swan,
 author = {C. Hong and S. Kandula and R. Mahajan and M. Zhang and V. Gill and M. Nanduri and R. Wattenhofer},
 title = {Achieving High Utilization with Software-driven {WAN}},
 booktitle = {ACM SIGCOMM},
 year = {2013},
 pages = {15--26},
 month = aug,
}

@inproceedings{zupdate,
 author = {H. Liu and X. Wu and M. Zhang and L. Yuan and R. Wattenhofer and D. Maltz},
 title = {{zUpdate}: Updating Data Center Networks with Zero Loss},
 booktitle = {ACM SIGCOMM},
 year = {2013},
 month = aug,
 pages = {411--422},
}


@inproceedings{OneBigSwitch,
  author = {N. Kang and Z. Liu and J. Rexford and D. Walker},
  title = {Optimizing the ``One Big Switch'' Abstraction in Software-defined Networks},
  booktitle = {9\textsuperscript{th} ACM Conference on Emerging Networking Experiments and Technologies},
  year = {2013},
  month = dec,
  page = {13--24},
}


@article{LamportClock,
 author = {L. Lamport},
 title = {Time, Clocks, and the Ordering of Events in a Distributed System},
 journal = {Commununications of the ACM},
 volume = {21},
 number = {7},
 month = jul,
 year = {1978},
 pages = {558--565},
}


@inproceedings{InfiCache,
 author = {N. Katta and O. Alipourfard and J. Rexford and D. Walker},
 title = {Infinite CacheFlow in Software-defined Networks},
 booktitle = {3\textsuperscript{rd} Workshop on Hot Topics in Software Defined Networking},
 year = {2014},
 month = aug,
 pages = {175--180},
}


@inproceedings{FatTree,
 author = {M. Al-Fares and A. Loukissas and A. Vahdat},
 title = {A Scalable, Commodity Data Center Network Architecture},
 booktitle = {ACM SIGCOMM},
 year = {2008},
 month = aug,
 pages = {63--74}
}


@inproceedings{Header,
 author = {P. Kazemian and G. Varghese and N. McKeown},
 title = {Header Space Analysis: Static Checking for Networks},
 booktitle = {9\textsuperscript{th} USENIX Conference on Networked Systems Design and Implementation},
 year = {2012},
 month = apr,
}

@article{P4Switch,
 author = {P. Bosshart and D. Daly and G. Gibb and M. Izzard and N. McKeown and J. Rexford and C. Schlesinger and D. Talayco and A. Vahdat and G. Varghese and D. Walker},
 title = {P4: Programming Protocol-independent Packet Processors},
 journal = {ACM SIGCOMM Computer Communication Review},
 month = jul,
 year = {2014},
 pages = {87--95}
}

@inproceedings{Blueswitch,
 author = {J. Han and H. Jong Hun and P. Mundkur and R. Prashanth and C. Rotsos and G. Antichi and N. Dave and A. Moore and P. Neumann},
 title = {Blueswitch: Enabling Provably Consistent Configuration of Network Switches},
 booktitle = {11\textsuperscript{th} ACM/IEEE Symposium on Architectures for Networking and Communications Systems},
 year = {2015},
 month = may,
}

@article{causal,
 author = {M. Ahamad and G. Neiger and J. E. Burns and P. Kohli and P. W. Hutto},
 title = {Causal Memory: Definitions, Implementation and Programming},
 journal = {Distributed Computing},
 year = {1995},
}

@article{modelcheck,
  title={Model checking},
  author={E. Clarke and O. Grumberg and D. Kroening and D. Peled and H. Veith},
  year={2018},
  publisher={MIT press}
}

@inproceedings{bolton,
 author = {P. Bailis and A. Ghodsi and J. Hellerstein and I. Stoica},
 title = {Bolt-on Causal Consistency},
 booktitle = {ACM SIGMOD International Conference on Management of Data},
 year = {2013},
 pages = {761--772},
}

@inproceedings{cops,
 author = {W. Lloyd and M. Freedman and M. Kaminsky and D. Andersen},
 title = {Don't Settle for Eventual: Scalable Causal Consistency for Wide-area Storage with {COPS}},
 booktitle = {23\textsuperscript{rd} ACM Symposium on Operating Systems Principles},
 year = {2011},
 pages = {401--416},
}

@inproceedings{eiger,
 author = {W. Lloyd and M. Freedman and M. Kaminsky and D. Andersen},
 title = {Stronger Semantics for Low-latency Geo-replicated Storage},
 booktitle = {10\textsuperscript{th} USENIX Conference on Networked Systems Design and Implementation},
 year = {2013},
 pages = {313--328},
}

@inproceedings{fidge88,
  author = {C. J. Fidge},
  title = {Timestamps in Message-Passing Systems that Preserve the Partial Ordering},
  booktitle = {11\textsuperscript{th} Australian Computer Science Conference},
  pages = {56--66},
  year = 1988
}

@inproceedings{mattern88,
  author = {F. Mattern},
  title = {Virtual Time and Global States of Distributed Systems},
  booktitle = {Workshop on Parallel and Distributed Algorithsm},
  pages = {215--226},
  year = 1988
}

@inproceedings{Facebookdata,
 author = {H. Chen and T. Benson},
 title = {Hermes: Providing Tight Control over High-Performance {SDN} Switches},
 booktitle = {13\textsuperscript{th} International Conference on Emerging Networking Experiments and Technologies},
 year = {2017},
 pages = {283--295},
}

@inproceedings{policyswitch,
 author = {D. Joseph and A. Tavakoli and I. Stoica},
 title = {A Policy-aware Switching Layer for Data Centers},
 booktitle = {ACM SIGCOMM},
 year = {2008},
 pages = {51--62},
}

@inproceedings{lime,
 author = {S. Ghorbani and C. Schlesinger and M. Monaco and E. Keller and M. Caesar and J. Rexford and D. Walker},
 title = {Transparent, Live Migration of a {S}oftware-Defined Network},
 booktitle = {ACM Symposium on Cloud Computing},
 year = {2014},
 pages = {1--14},
}

@inproceedings{elastictree,
author = {B. Heller and S. Seetharaman and P. Mahadevan and Y. Yiakoumis and P. Sharma and S. Banerjee and N. McKeown},
title = {{ElasticTree}: Saving Energy in Data Center Networks},
year = {2010},
booktitle = {Proceedings of the 7th USENIX Conference on Networked Systems Design and Implementation},
pages = {17},
series = {NSDI'10}
}

@inproceedings{b4,
author = {S. Jain and A. Kumar and S. Mandal and J. Ong and L. Poutievski and A. Singh and S. Venkata and J. Wanderer and J. Zhou and M. Zhu and J. Zolla and U. H\"{o}lzle and S. Stuart and A. Vahdat},
title = {{B}4: Experience with a Globally-Deployed Software Defined Wan},
year = {2013},
booktitle = {Proceedings of the ACM SIGCOMM 2013 Conference on SIGCOMM},
pages = {3--14},
series = {SIGCOMM '13}
}


@inproceedings{simple,
 author = {Z. Qazi and C. Tu and L. Chiang and R. Miao and V. Sekar and M. Yu},
 title = {{SIMPLE}-fying Middlebox Policy Enforcement Using {SDN}},
 booktitle = {ACM SIGCOMM},
 year = {2013},
 pages = {27--38},
}

@inproceedings{univmon,
author = {Z. Liu and A. Manousis and G. Vorsanger and V. Sekar and V. Braverman},
title = {One Sketch to Rule Them All: Rethinking Network Flow Monitoring with {UnivMon}},
year = {2016},
booktitle = {Proceedings of the 2016 ACM SIGCOMM Conference},
pages = {101--114},
series = {SIGCOMM '16},
}


@inproceedings{slick,
 author = {B. Anwer and T. Benson and N. Feamster and D. Levin},
 title = {Programming Slick Network Functions},
 booktitle = {1\textsuperscript{st} ACM Symposium on Software Defined Networking Research},
 year = {2015},
 pages = {1--13},
}

@inproceedings{opennf,
 author = {A. Gember-Jacobson and R. Viswanathan and C. Prakash and R. Grandl and J. Khalid and S. Das and A. Akella},
 title = {{OpenNF}: Enabling Innovation in Network Function Control},
 booktitle = {ACM SIGCOMM},
 year = {2014},
 pages = {163--174},
}

@inproceedings{dibs,
 author = {K. Zarifis and R. Miao and M. Calder and E. Katz-Bassett and M. Yu and J. Padhye},
 title = {{DIBS}: Just-in-time Congestion Mitigation for Data Centers},
 booktitle = {9\textsuperscript{th} ACM European Conference on Computer Systems},
 year = {2014}
}

@inproceedings{tsu,
 author = {A. Ludwig and S. Dudycz and M. Rost and S. Schmid},
 title = {Transiently Secure Network Updates},
 booktitle = {ACM SIGMETRICS International Conference on Measurement and Modeling of Computer Science},
 year = {2016},
 pages = {273--284},
 }

@inproceedings{gnu,
 author = {A. Ludwig and M. Rost and D. Foucard and S. Schmid},
 title = {Good Network Updates for Bad Packets: Waypoint Enforcement Beyond Destination-Based Routing Policies},
 booktitle = {13\textsuperscript{th} ACM Workshop on Hot Topics in Networks},
 year = {2014},
}

@article{lfupdate,
 author = {K. Foerster and A. Ludwig and J. Marcinkowski and S. Schmid},
 title = {Loop-Free Route Updates for Software-Defined Networks},
 journal = {IEEE/ACM Transactions on Networking},
 volume = {26},
 number = {1},
 month = feb,
 year = {2018},
 pages = {328--341},
}

@inproceedings{dlb,
 author = {K. Foerster and R. Mahajan and R. Wattenhofer},
 title = {Consistent Updates in Software Defined Networks: On Dependencies, Loop Freedom, and Blackholes},
 booktitle = {IFIP Networking Conference and Workshops},
 year = {2016},
}

@inproceedings{SynNetworkUpdate,
 author = {J. McClurg and H. Hojjat and P. \v{C}ern\'{y} and N. Foster},
 title = {Efficient Synthesis of Network Updates},
 booktitle = {36\textsuperscript{th} ACM SIGPLAN Conference on Programming Language Design and Implementation},
 year = {2015},
 pages = {196--207},
}

@article{timeflip,
 author = {T. Mizrahi and O. Rottenstreich and Y. Moses},
 title = {{TimeFlip}: Using Timestamp-Based {TCAM} Ranges to Accurately Schedule Network Updates},
 journal = {IEEE/ACM Transactions on Networking},
 volume = {25},
 number = {2},
 month = apr,
 year = {2017},
 pages = {849--863},
}

@inproceedings{flip,
 author = {V. Stefano and C. Luca},
 title = {FLIP the (Flow) table: Fast lightweight policy-preserving SDN updates},
 booktitle = {35\textsuperscript{th} IEEE International Conference on Computer Communications},
 year = 2016,
 month = apr,
}

@inproceedings{dctm,
 author = {Y. Yu and C. Qian and X. Li},
 title = {Distributed and Collaborative Traffic Monitoring in Software Defined Networks},
 booktitle = {3\textsuperscript{rd} Workshop on Hot Topics in Software Defined Networking},
 year = {2014},
 pages = {85--90},
}

@inproceedings{opensketch,
 author = {M. Yu and L. Jose and R. Miao},
 title = {Software defined traffic measurement with {OpenSketch}},
 booktitle = {10\textsuperscript{th} USENIX Conference on Networked Systems Design and Implementation},
 year = {2013},
 pages = {29--42},
}


@inproceedings{onesketch,
 author = {Z. Liu and A. Manousis and G. Vorsanger and V. Sekar and V. Braverman},
 title = {One Sketch to Rule Them All: Rethinking Network Flow Monitoring with UnivMon},
 booktitle = {ACM SIGCOMM},
 year = {2016},
 pages = {101--114},
}


@inproceedings{ramcloud,
author = {D. Ongaro and S. Rumble and R. Stutsman and J. Ousterhout and M. Rosenblum},
title = {Fast Crash Recovery in {RAMCloud}},
year = {2011},
booktitle = {Proceedings of the Twenty-Third ACM Symposium on Operating Systems Principles},
pages = {29–41},
}



@inproceedings{streamnf,
  author    = {J. Khalid and A. Akella},
  title     = {{StreamNF}: Performance and Correctness for Stateful Chained {NFs}},
  booktitle = {16\textsuperscript{th} USENIX Conference on Networked Systems Design and Implementation},
 year = {2019},
}

@inproceedings{trojan,
 author = {L. {De Carli} and R. Sommer and S. Jha},
 title = {Beyond Pattern Matching: A Concurrency Model for Stateful Deep Packet Inspection},
 booktitle = {21\textsuperscript{st} ACM Conference on Computer and Communications Security},
 year = {2014},
 pages = {1378--1390},
}

@inproceedings{vnids,
 author = {H. Li and H. Hu and G. Gu and G.-J. Ahn and F. Zhang},
 title = {{vNIDS}: Towards Elastic Security with Safe and Efficient Virtualization of Network Intrusion Detection Systems},
 booktitle = {25\textsuperscript{th} ACM Conference on Computer and Communications Security},
 year = {2018},
 pages = {17--34},
}

@inproceedings {stateAlyzr,
author = {K. Junaid and G. Aaron and M. Roney and A. Anubhavnidhi and A. Aditya},
title = {Paving the Way for {NFV}: Simplifying Middlebox Modifications Using StateAlyzr},
booktitle = {13th {USENIX} Symposium on Networked Systems Design and Implementation ({NSDI} 16)},
year = {2016},
pages = {239--253},
month = mar,
}

@inproceedings{transfer,
 author = {A. Gember-Jacobson and A. Akella},
 title = {Improving the Safety, Scalability, and Efficiency of Network Function State Transfers},
 booktitle = {ACM Workshop on Hot Topics in Middleboxes and Network Function Virtualization},
 year = {2015},
 pages = {43--48},
}

@inproceedings{swingstate,
 author = {S. Luo and H. Yu and L. Vanbever},
 title = {{Swing State}: Consistent Updates for Stateful and Programmable Data Planes},
 booktitle = {3\textsuperscript{rd} Symposium on SDN Research},
 year = {2017},
 pages = {115--121},
}

@inproceedings{nidslb,
 author = {V. Heorhiadi and M. K. Reiter and V. Sekar},
 title = {New Opportunities for Load Balancing in Network-wide Intrusion Detection Systems},
 booktitle = {8\textsuperscript{th} International Conference on Emerging Networking Experiments and Technologies},
 year = {2012},
 pages = {361--372},
}

@inproceedings{snips,
 author = {V. Heorhiadi and S. K. Fayaz and M. K. Reiter and V. Sekar},
 title = {{SNIPS}: A Software-Defined Approach for Scaling Intrusion Prevention Systems via Offloading},
 booktitle = {10\textsuperscript{th} International Conference on Information Systems Security},
 series = {LNCS},
 volumne = 8880,
 pages = {9--29},
 month = dec,
 year = {2014}
}

@inproceedings{livevm,
author = {C. Clark and K. Fraser and S. Hand and J. Hansen and E. Jul and C. Limpach and I. Pratt and A. Warfield},
title = {Live Migration of Virtual Machines},
year = {2005},
booktitle = {Proceedings of the 2nd Conference on Symposium on Networked Systems Design and Implementation},
pages = {273--286},
series = {NSDI'05}
}


@inproceedings{Pico,
author = {Rajagopalan, Shriram and Williams, Dan and Jamjoom, Hani},
title = {Pico Replication: A High Availability Framework for Middleboxes},
year = {2013},
booktitle = {Proceedings of the 4th Annual Symposium on Cloud Computing},
number = 15,
series = {SOCC'13}
}

@inproceedings{Remus,
author = {B. Cully and G. Lefebvre and D. Meyer and M. Feeley and N. Hutchinson and A. Warfield},
title = {{R}emus: High Availability via Asynchronous Virtual Machine Replication},
booktitle = {Proceedings of the 5th USENIX Symposium on Networked Systems Design and Implementation},
year = {2008},
pages = {161--174},
series = {NSDI'08}
}


@INPROCEEDINGS{Xenflow,
  author={D. M. Ferrazani Mattos and O. C. Muniz Bandeira Duarte},
  booktitle={2014 IEEE Global Communications Conference},
  title={{X}enFlow: Seamless migration primitive and quality of service for virtual networks},
  year={2014},
  pages={2326--2331},}


@inproceedings{scc,
 author = {S. Liu and T. A. Benson and M. K. Reiter},
 title = {Efficient and Safe Network Updates with Suffix Causal Consistency},
 booktitle = {14\textsuperscript{th} ACM European Conference on Computer Systems},
 month = mar,
 year = {2019}
}

@article{chaboya2006:network,
  author = {D. J. Chaboya and R. A. Raines and R. O. Baldwin and B. E. Mullins},
  title = {Network intrusion detection: Automated and manual methods prone to attack and evasion},
  journal = {IEEE Security \& Privacy},
  volume = 4,
  number = 6,
  year = 2006
}

@article{cheng2012:evasion,
  author = {T.-H. Cheng and Y.-D. Lin and Y.-C. Lai and P.-C. Lin},
  title = {Evasion techniques: Sneaking through your intrusion detection/prevention systems},
  volume = 14,
  number = 4,
  journal = {IEEE Communications Surveys \& Tutorials},
  year = 2012
}

@article{corona2013:adversarial,
  author = {I. Corona and G. Giacinto and F. Roli},
  title = {Adversarial attacks against intrusion detection systems: Taxonomy, solutions, and open issues},
  journal = {Information Sciences},
  volume = 239,
  month = aug,
  year = 2013
}

@article{herlihy1990:linearizability,
  author = {M. P. Herlihy and J. M. Wing},
  title = {Linearizability: A correctness condition for concurrent objects},
  journal = {ACM Transactions on Programming Languages and Systems},
  volume = 12,
  number = 3,
  month = jul,
  year = 1990
}
